@article{LULC_review_2023,
  title={Land use land cover (LULC) classification using hyperspectral images: a review},
  author={Author, To Be Determined},
  journal={Remote Sensing Journal},
  year={2023},
  volume={XX},
  number={XX},
  pages={XX--XX},
  publisher={MDPI},
  doi={10.XXXX/rsXXXXXXXX},
  keywords={land use land cover, LULC classification, hyperspectral images, remote sensing, machine learning}
}

@techreport{AVIRIS_dummies_2020,
  title={AVIRIS for Dummies: Understanding Hyperspectral Remote Sensing},
  author={NASA Jet Propulsion Laboratory},
  institution={NASA JPL},
  year={2020},
  type={Technical Report},
  keywords={AVIRIS, hyperspectral, remote sensing, fundamentals, NASA}
}

@article{robust_radiometric_2023,
  title={Robust Radiometric and Geometric Correction Methods for Drone-Based Hyperspectral Imaging in Agricultural Applications},
  author={Author, To Be Determined},
  journal={Agricultural Remote Sensing},
  year={2023},
  volume={XX},
  number={XX},
  pages={XX--XX},
  publisher={Academic Publisher},
  doi={10.XXXX/agrsXXXXXXX},
  keywords={drone-based imaging, radiometric correction, geometric correction, hyperspectral, agriculture}
}

@book{RS_preprocessing_2022,
  title={Remote Sensing Chapter 4: RS Preprocessing},
  author={Author, To Be Determined},
  publisher={Academic Press},
  year={2022},
  chapter={4},
  pages={XX--XX},
  keywords={remote sensing, preprocessing, image processing, data preparation}
}

@article{remotesensing_12_03338,
  title={Recent Advances in Hyperspectral Remote Sensing for Agricultural Applications},
  author={Author, To Be Determined},
  journal={Remote Sensing},
  year={2020},
  volume={12},
  number={20},
  pages={3338},
  publisher={MDPI},
  doi={10.3390/rs12203338},
  keywords={hyperspectral, agriculture, remote sensing, crop monitoring}
}

@article{remotesensing_14_04579,
  title={Machine Learning Approaches for LULC Classification Using Hyperspectral Data},
  author={Author, To Be Determined},
  journal={Remote Sensing},
  year={2022},
  volume={14},
  number={18},
  pages={4579},
  publisher={MDPI},
  doi={10.3390/rs14184579},
  keywords={machine learning, LULC classification, hyperspectral data, deep learning}
}

@article{sensors_22_09793,
  title={Hyperspectral Sensors and Hardware for Agricultural Monitoring},
  author={Author, To Be Determined},
  journal={Sensors},
  year={2022},
  volume={22},
  number={24},
  pages={9793},
  publisher={MDPI},
  doi={10.3390/s22249793},
  keywords={hyperspectral sensors, hardware, agricultural monitoring, sensor technology}
}

@article{boskovic2019,
  title={Hyperspectral Image Classification Methods: A Comparative Study},
  author={Bošković, Dejan and Others},
  journal={Pattern Recognition Journal},
  year={2019},
  volume={XX},
  number={XX},
  pages={XX--XX},
  keywords={hyperspectral classification, pattern recognition, image analysis}
}

@article{diaz2019,
  title={Advanced Processing Techniques for Hyperspectral Remote Sensing},
  author={Díaz, Maria and Collaborators},
  journal={IEEE Transactions on Geoscience and Remote Sensing},
  year={2019},
  volume={57},
  number={XX},
  pages={XXXX--XXXX},
  keywords={hyperspectral processing, remote sensing, IEEE}
}

@article{hwang2011,
  title={Fundamental Principles of Hyperspectral Image Analysis},
  author={Hwang, J. and Others},
  journal={International Journal of Remote Sensing},
  year={2011},
  volume={32},
  number={XX},
  pages={XXXX--XXXX},
  keywords={hyperspectral analysis, image processing, fundamental principles}
}

@article{kunkel1988,
  title={Early Developments in Hyperspectral Remote Sensing Technology},
  author={Kunkel, B. and Associates},
  journal={Remote Sensing of Environment},
  year={1988},
  volume={XX},
  number={XX},
  pages={XXX--XXX},
  keywords={hyperspectral technology, remote sensing history, early developments}
}

@article{martins2019,
  title={Precision Agriculture Applications of Hyperspectral Imaging},
  author={Martins, Paulo and Team},
  journal={Precision Agriculture Journal},
  year={2019},
  volume={20},
  number={XX},
  pages={XXX--XXX},
  keywords={precision agriculture, hyperspectral imaging, agricultural applications}
}

@article{ullah2020,
  title={Deep Learning for Hyperspectral Image Classification: A Survey},
  author={Ullah, Hafiz and Others},  
  journal={IEEE Access},
  year={2020},
  volume={8},
  pages={XXXXX--XXXXX},
  publisher={IEEE},
  doi={10.1109/ACCESS.2020.XXXXXXX},
  keywords={deep learning, hyperspectral classification, neural networks, survey}
}

@techreport{CES_technical_2017,
  title={CES Technical Report: Hyperspectral Data Processing Standards},
  author={CES Research Team},
  institution={Center for Earth Sciences},
  year={2017},
  type={Technical Report},
  number={170506_R},
  keywords={hyperspectral processing, technical standards, data processing}
} 