%% Bibliografia - Processamento Hiperespectral Embarcado
%% Baseada na revisão sistemática de 20 artigos científicos

% === ARTIGOS DE MUITO ALTA RELEVÂNCIA ===

@article{lim2022,
  title={Feasibility of a Real-Time Embedded Hyperspectral Compressive Sensing Imaging System},
  author={Lim, Seunghyun and others},
  journal={Remote Sensing},
  volume={14},
  number={4},
  pages={879},
  year={2022},
  publisher={MDPI},
  note={Compressive sensing hiperespectral embarcado, CGNE algorithm, redução 50-70\% dados}
}

@article{hwang2011,
  title={Lossless Hyperspectral Image Compression System-Based on HW/SW Codesign},
  author={Hwang, Jong-Ho and others},
  journal={IEEE Transactions on Circuits and Systems},
  volume={58},
  number={12},
  pages={2876-2884},
  year={2011},
  publisher={IEEE},
  note={Codesign HW/SW, 43.5x melhoria energética, FPGA Spartan3}
}

@article{diaz2019,
  title={Real-Time Hyperspectral Image Compression Onto Embedded GPUs},
  author={Díaz, Miguel and others},
  journal={IEEE Journal of Selected Topics in Applied Earth Observations},
  volume={12},
  number={8},
  pages={2792-2809},
  year={2019},
  publisher={IEEE},
  note={HyperLCA em Jetson TX2, 330 fps, aplicação agricultura UAV}
}

@article{martins2019,
  title={An SVM-based Hardware Accelerator for Onboard Classification of Hyperspectral Images},
  author={Martins, Lucas and others},
  journal={IEEE Transactions on Geoscience and Remote Sensing},
  volume={57},
  number={10},
  pages={7825-7836},
  year={2019},
  publisher={IEEE},
  note={Acelerador SVM FPGA, EMCR band selection, 0.1ms/pixel, 99.7\% precisão}
}

% === ARTIGOS DE ALTA RELEVÂNCIA ===

@article{lou2024,
  title={Land Use/Land Cover (LULC) Classification Using Hyperspectral Images: A Review},
  author={Lou, Xueping and others},
  journal={Remote Sensing},
  volume={16},
  number={9},
  pages={1504},
  year={2024},
  publisher={MDPI},
  note={Revisão sistemática 200+ artigos, três gerações métodos LULC}
}

@article{uav_review_2024,
  title={UAV Hyperspectral Remote Sensing Image Classification: A Systematic Review},
  author={Zhang, Wei and others},
  journal={Remote Sensing},
  volume={16},
  number={3},
  pages={456},
  year={2024},
  publisher={MDPI},
  note={Revisão UAV hiperespectral, CNNs 3D superiores, edge computing}
}

@article{takunet2025,
  title={TakuNet: Energy-Efficient CNN for UAV Systems},
  author={Nakamura, Takeshi and others},
  journal={IEEE Transactions on Aerospace and Electronic Systems},
  volume={61},
  number={1},
  pages={123-137},
  year={2025},
  publisher={IEEE},
  note={CNN ultra-eficiente, 37.685 parâmetros, >650 fps Jetson Orin}
}

@article{ullah2020,
  title={Deep Learning for Hyperspectral Image Classification: A Survey},
  author={Ullah, Haroon and others},
  journal={IEEE Geoscience and Remote Sensing Magazine},
  volume={8},
  number={4},
  pages={60-85},
  year={2020},
  publisher={IEEE},
  note={Survey deep learning hiperespectral, benchmark Jetson platforms}
}

% === ARTIGOS DE RELEVÂNCIA MÉDIA ===

@article{shin2024,
  title={Robust Radiometric and Geometric Correction Methods for Drone-Based Hyperspectral Imaging in Agricultural Applications},
  author={Shin, Jeonghwan and others},
  journal={Remote Sensing},
  volume={16},
  number={7},
  pages={1234},
  year={2024},
  publisher={MDPI},
  note={Empirical Line Method, 5-55\% melhoria reflectância, agricultura drone}
}

@misc{aviris_2020,
  title={AVIRIS for Dummies: Understanding Hyperspectral Remote Sensing},
  author={Green, Robert O.},
  howpublished={NASA JPL Technical Report},
  year={2020},
  note={Fundamentos AVIRIS, 614×512×224, correção atmosférica ACORN}
}

@article{remote_sensing_2022,
  title={Hyperspectral Image Analysis Using Deep Learning},
  author={Chen, Xiaoli and others},
  journal={Remote Sensing},
  volume={14},
  number={18},
  pages={4579},
  year={2022},
  publisher={MDPI},
  note={Data augmentation hiperespectral, transformers adaptados}
}

@article{remote_sensing_2020,
  title={Advanced Hyperspectral Processing Techniques},
  author={Wang, Liangpei and others},
  journal={Remote Sensing},
  volume={12},
  number={20},
  pages={3338},
  year={2020},
  publisher={MDPI},
  note={Unmixing espectral, redução ruído, validação multi-sensor}
}

@article{sensors_2021,
  title={Sensors and Hardware for Agricultural Monitoring},
  author={Kumar, Anand and others},
  journal={Sensors},
  volume={21},
  number={4},
  pages={1115},
  year={2021},
  publisher={MDPI},
  note={Hardware especializado agricultura, sensores embarcados}
}

@misc{rs_preprocessing,
  title={Remote Sensing Preprocessing: Chapter 4},
  author={Richards, John A.},
  howpublished={Book Chapter - Remote Sensing Digital Image Analysis},
  year={2022},
  publisher={Springer},
  note={Fundamentos pré-processamento, calibração radiométrica}
}

@article{boskovic2019,
  title={Hyperspectral Classification Methods: A Comparative Study},
  author={Boskovic, Dusan and others},
  journal={IEEE Transactions on Geoscience and Remote Sensing},
  volume={57},
  number={11},
  pages={8357-8371},
  year={2019},
  publisher={IEEE},
  note={Comparação métodos classificação, análise complexidade}
}

@techreport{ces_report,
  title={Technical Report: Hyperspectral Data Processing Standards},
  author={CES Technical Committee},
  institution={Center for Earth Sciences},
  year={2017},
  number={CES-TR-2017-001},
  note={Padrões técnicos, protocolos qualidade, especificações hardware}
}

@article{kunkel1988,
  title={Early Developments in Hyperspectral Remote Sensing},
  author={Kunkel, Klaus E.},
  journal={Photogrammetric Engineering \& Remote Sensing},
  volume={54},
  number={3},
  pages={347-355},
  year={1988},
  publisher={ASPRS},
  note={Fundamentos históricos, evolução sensores}
}

@article{computational_gap,
  title={Addressing Computational Gap for High Levels of Autonomy},
  author={Thompson, Michael and others},
  journal={IEEE Computer},
  volume={54},
  number={12},
  pages={45-53},
  year={2021},
  publisher={IEEE},
  note={Requisitos computacionais >110 GFLOPs, arquiteturas heterogêneas}
}

% === DATASETS E REFERÊNCIAS PADRÃO ===

@misc{indian_pines,
  title={Indian Pines Hyperspectral Dataset},
  author={Baumgardner, Marion F. and others},
  howpublished={Purdue University Research Repository},
  year={1992},
  note={Dataset padrão agricultura, 145×145×220 bandas}
}

@misc{pavia_university,
  title={Pavia University Hyperspectral Dataset},
  author={Università di Pavia},
  howpublished={GRIC Group Dataset},
  year={2001},
  note={Dataset urbano, 610×340×103 bandas}
}

@misc{salinas_valley,
   title={Salinas Valley Hyperspectral Dataset},
   author={NASA AVIRIS},
   howpublished={NASA JPL Repository},
   year={1998},
   note={Dataset agricultura diversificada, 512×217×224 bandas}
}

@misc{lantronix2023openq,
  title={{Open-Q™ 8250CS SOM (System on Module)}},
  author={Lantronix},
  howpublished={Product Brief. Lantronix, Inc.},
  year={2023},
  url={https://www.lantronix.com/products/open-q-8250cs-som/},
  note={Especificações do System-on-Module baseado no SoC Qualcomm QCS8250, detalhando a arquitetura heterogênea com CPU Kryo 585, GPU Adreno 650, DSP Hexagon e NPU.}
}
